<record><leader>00000cas a22000007a 4500</leader><controlfield tag="001">16632764</controlfield><controlfield tag="008">870902d19041905ohudr ne      0    0eng d</controlfield><datafield ind1=" " ind2=" " tag="010"><subfield code="a">sn 87076522 </subfield></datafield><datafield ind1=" " ind2=" " tag="040"><subfield code="a">ONP</subfield><subfield code="b">eng</subfield><subfield code="c">ONP</subfield><subfield code="d">OCLCQ</subfield></datafield><datafield ind1=" " ind2=" " tag="042"><subfield code="a">msc</subfield></datafield><datafield ind1="0" ind2="4" tag="245"><subfield code="a">The Sandusky star-journal and local.</subfield></datafield><datafield ind1=" " ind2=" " tag="260"><subfield code="a">Sandusky, Ohio :</subfield><subfield code="b">Alvord &amp; Peters Co.,</subfield><subfield code="c">1904-1905.</subfield></datafield><datafield ind1=" " ind2=" " tag="310"><subfield code="a">Daily</subfield></datafield><datafield ind1="0" ind2=" " tag="362"><subfield code="a">38th Year, no. 73 (Dec. 26, 1904)-38th year, no. 239 (July 6, 1905).</subfield></datafield><datafield ind1=" " ind2=" " tag="580"><subfield code="a">Weekly ed.: Sandusky star-journal (Sandusky, Ohio : 1904).</subfield></datafield><datafield ind1=" " ind2=" " tag="752"><subfield code="a">United States</subfield><subfield code="b">Ohio</subfield><subfield code="c">Erie</subfield><subfield code="d">Sandusky.</subfield></datafield><datafield ind1="1" ind2=" " tag="775"><subfield code="t">Sandusky star-journal (Sandusky, Ohio : 1904)</subfield><subfield code="w">(DLC)sn 87076518</subfield></datafield><datafield ind1="0" ind2="4" tag="780"><subfield code="t">Sandusky evening star</subfield><subfield code="w">(DLC)sn 87076521</subfield></datafield><datafield ind1="0" ind2="4" tag="780"><subfield code="t">Sandusky evening journal</subfield><subfield code="w">(DLC)sn 84028056</subfield></datafield><datafield ind1="0" ind2="0" tag="785"><subfield code="t">Sandusky star-journal (Sandusky, Ohio : 1905)</subfield><subfield code="w">(DLC)sn 84028058</subfield></datafield></record>